@article{Gancedo1998,
author = {Gancedo, Juana M.},
doi = {10.1128/mmbr.62.2.334-361.1998},
issn = {1092-2172},
journal = {Microbiology and Molecular Biology Reviews},
number = {2},
pages = {334--361},
pmid = {9618445},
title = {{Yeast Carbon Catabolite Repression}},
volume = {62},
year = {1998}
}

@article{Bahn2007,
author = {Bahn, Yong Sun and Xue, Chaoyang and Idnurm, Alexander and Rutherford, Julian C. and Heitman, Joseph and Cardenas, Maria E.},
doi = {10.1038/nrmicro1578},
issn = {17401526},
journal = {Nature Reviews Microbiology},
number = {1},
pages = {57--69},
pmid = {17170747},
title = {{Sensing the environment: Lessons from fungi}},
volume = {5},
year = {2007}
}

@article{Payne2015,
author = {Payne, Joshua L. and Wagner, Andreas},
doi = {10.3389/fgene.2015.00322},
issn = {16648021},
journal = {Frontiers in Genetics},
keywords = {Homotypic clusters,Redundancy,Regulatory networks,Shadow enhancers,Transcription factor binding sites},number = {OCT},
pages = {1--10},
title = {{Mechanisms of mutational robustness in transcriptional regulation}},
volume = {6},
year = {2015}
}

@article{Li2025,
author = {Li, Yang and Zhang, Jianzhi},
doi = {10.1101/gr.280008.124},
issn = {15495469},
journal = {Genome Research},
number = {3},
pages = {512--521},
pmid = {39965933},
title = {{Transcriptomic and proteomic effects of gene deletion are not evolutionarily conserved}},
volume = {35},
year = {2025}
}

@article{Liu2024,
author = {Liu, Li and Liu, Yao and Min, Lulu and Zhou, Zhenzhen and He, Xingxing and Xie, YunHan and Cao, Waifang and Deng, Shuyun and Lin, Xiaoju and He, Xionglei and Chen, Xiaoshu},
doi = {10.1093/molbev/msae189},
issn = {0737-4038},
journal = {Molecular Biology and Evolution},
keywords = {eQTLs,eqtls,evolution,morphological traits,pleiotropic,transcription factors,transcriptomes},
number = {9},
pages = {1--13},
pmid = {39238468},
publisher = {Oxford University Press},
title = {{Most pleiotropic effects of gene knockouts are evolutionarily transient in yeasts}},
url = {https://doi.org/10.1093/molbev/msae189},
volume = {41},
year = {2024}
}

@article{Mahendrawada2025,
author = {Mahendrawada, Lakshmi and Warfield, Linda and Donczew, Rafal and Hahn, Steven},
doi = {10.1038/s41586-025-08916-0},
issn = {14764687},
journal = {Nature},
number = {July 2023},
publisher = {Springer US},
title = {{Low overlap of transcription factor DNA binding and regulatory targets}},
url = {http://dx.doi.org/10.1038/s41586-025-08916-0},
year = {2025}
}

@article{Hahn2011,
author = {Hahn, Steven and Young, Elton T.},
doi = {10.1534/genetics.111.127019},
issn = {00166731},
journal = {Genetics},
number = {3},
pages = {705--736},
pmid = {22084422},
title = {{Transcriptional regulation in saccharomyces cerevisiae: Transcription factor regulation and function, mechanisms of initiation, and roles of activators and coactivators}},
volume = {189},
year = {2011}
}

@article{Magasanik2005,
author = {Magasanik, Boris},
doi = {10.1073/pnas.0507116102},
issn = {00278424},
journal = {Proceedings of the National Academy of Sciences of the United States of America},
keywords = {Gln3p,Npr1p,Rsp5p,Ure2p},
number = {46},
pages = {16537--16538},
pmid = {16275904},
title = {{The transduction of the nitrogen regulation signal in Saccharomyces cerevisiae}},
volume = {102},
year = {2005}
}

@article{Wickner1994,
author = {Wickner, Reed B.},
doi = {10.1126/science.7909170},
issn = {0036-8075},
journal = {Science},
number = {5158},
pages = {566--569},
pmid = {7909170},
title = {{ [URE3] as an Altered URE2 Protein: Evidence for a Prion Analog in Saccharomyces cerevisiae }},
volume = {264},
year = {1994}
}

@article{Zande2022,
author = {Vande Zande, P{\'{e}}tra and Hill, Mark S. and Wittkopp, Patricia J.},
doi = {10.1126/science.abj7185},
issn = {10959203},
journal = {Science},
number = {6601},
pages = {105--109},
pmid = {35771906},
title = {{Pleiotropic effects of trans-regulatory mutations on fitness and gene expression}},
volume = {377},
year = {2022}
}

@article{Zhang2018,
author = {Zhang, Weiping and Du, Guocheng and Zhou, Jingwen and Chen, Jian},
journal = {Microbiology and Molecular Biology Reviews},
number = {1},
title = {{Regulation of Sensing, Transportation, and Catabolism of Nitrogen Sources in Saccharomyces cerevisiae}},
volume = {82},
year = {2018}
}

@article{Krieger2020,
author = {Krieger, Gat and Lupo, Offir and Levy, Avraham A. and Barkai, Naama},
journal = {Genome Research},
title = {{Independent evolution of transcript abundance and gene regulatory dynamics}},
volume = {30},
pages = {1000-1011},
year = {2020}
}

@article{Love2014,
author = {Love, Michael I. and Huber, Wolfgang and Anders, Simon},
doi = {10.1186/s13059-014-0550-8},
issn = {1474760X},
journal = {Genome Biology},
number = {12},
pages = {1--21},
pmid = {25516281},
title = {{Moderated estimation of fold change and dispersion for RNA-seq data with DESeq2}},
volume = {15},
year = {2014}
}

@article{Britton2020,
author = {Britton, Candace S. and Sorrells, Trevor R. and Johnson, Alexander D.},
doi = {10.1126/science.aax5217},
issn = {10959203},
journal = {Science},
number = {6473},
pages = {96--100},
pmid = {31896718},
title = {{Protein-coding changes preceded cis-regulatory gains in a newly evolved transcription circuit}},
volume = {367},
year = {2020}
}

@article{Metzger2019,
author = {Metzger, Brian P H and Wittkopp, Patricia J},
doi = {10.1002/evl3.137},
journal = {Evolution Letters},
keywords = {compensation,eqtl,gene regulation,mapping,stabilizing selection},
pages = {1--14},
title = {{Compensatory trans -regulatory alleles minimizing variation in TDH3 expression are common within Saccharomyces cerevisiae}},
year = {2019}
}

@article{Metzger2017,
author = {Metzger, Brian P.H. and Wittkopp, Patricia J. and Coolon, Joseph D.},
doi = {10.1093/gbe/evx035},
issn = {17596653},
journal = {Genome Biology and Evolution},
keywords = {CIS,Compensatory,Trans,Yeast},
number = {4},
pages = {843--854},
title = {{Evolutionary Dynamics of Regulatory Changes Underlying Gene Expression Divergence among Saccharomyces Species}},
volume = {9},
year = {2017}
}

@article{Tsouris2024,
author = {Tsouris, Andreas and Brach, Gauthier and Schacherer, Joseph and Hou, Jing},
doi = {10.1016/j.xgen.2023.100459},
issn = {2666979X},
journal = {Cell Genomics},
keywords = {diallel crosses,gene expression regulation,heritability,transcriptome buffering,yeast},
number = {1},
pages = {100459},
title = {{Non-additive genetic components contribute significantly to population-wide gene expression variation}},
url = {https://doi.org/10.1016/j.xgen.2023.100459},
volume = {4},
year = {2024}
}

@article{McManus2014,
author = {McManus, C. Joel and May, Gemma E. and Spealman, Pieter and Shteyman, Alan},
doi = {10.1101/gr.164996.113},
issn = {15495469},
journal = {Genome Research},
number = {3},
pages = {422--430},
pmid = {24318730},
title = {{Ribosome profiling reveals post-transcriptional buffering of divergent gene expression in yeast}},
volume = {24},
year = {2014}
}

@article{Landry2005,
author = {Landry, Christian R. and Wittkopp, Patricia J. and Taubes, Clifford H. and Ranz, Jose M. and Clark, Andrew G. and Hartl, Daniel L.},
doi = {10.1534/genetics.105.047449},
issn = {00166731},
journal = {Genetics},
number = {4},
pages = {1813--1822},
pmid = {16143608},
title = {{Compensatory cis-trans evolution and the dysregulation of gene expression in interspecific hybrids of drosophila}},
volume = {171},
year = {2005}
}

@article{Bozdag2021,
author = {Bozdag, G. Ozan and Ono, Jasmine and Denton, Jai A. and Karakoc, Emre and Hunter, Neil and Leu, Jun Yi and Greig, Duncan},
doi = {10.1016/j.cub.2020.12.038},
issn = {18790445},
journal = {Current Biology},
number = {4},
pages = {R180--R181},
pmid = {33621502},
publisher = {Elsevier},
title = {{Breaking a species barrier by enabling hybrid recombination}},
url = {http://dx.doi.org/10.1016/j.cub.2020.12.038},
volume = {31},
year = {2021}
}

@article{Naseeb2021,
author = {Naseeb, Samina and Visinoni, Federico and Hu, Yue and {Hinks Roberts}, Alex J. and Maslowska, Agnieszka and Walsh, Thomas and Smart, Katherine A. and Louis, Edward J. and Delneri, Daniela},
doi = {10.1073/pnas.2101242118},
issn = {10916490},
journal = {Proceedings of the National Academy of Sciences of the United States of America},
keywords = {Breeding,Hybrids,QTL,Yeast},
number = {38},
pages = {1--12},
pmid = {34518218},
title = {{Restoring fertility in yeast hybrids: Breeding and quantitative genetics of beneficial traits}},
volume = {118},
year = {2021}
}

@article{Zhang2020,
author = {Zhang, Zebin and Bendixsen, Devin P. and Janzen, Thijs and Nolte, Arne W. and Greig, Duncan and Stelkens, Rike},
doi = {10.1093/molbev/msz211},
issn = {15371719},
journal = {Molecular Biology and Evolution},
keywords = {Saccharomyces,ddRADseq,environmental stress,epistasis,genome evolution,heterozygosity,hybridization},
number = {1},
pages = {167--182},
pmid = {31518427},
title = {{Recombining Your Way out of Trouble: The Genetic Architecture of Hybrid Fitness under Environmental Stress}},
volume = {37},
year = {2020}
}

@article{Shapira2016,
author = {Shapira, Rachel and David, Lior},
doi = {10.3389/fgene.2016.00072},
issn = {16648021},
journal = {Frontiers in Genetics},
keywords = {Epistasis,Genetic interaction,Hybrid vigor,Over-dominance,QTL,Quantitative traits,Yeast},
number = {MAY},
pages = {1--14},
title = {{Genes with a combination of over-dominant and epistatic effects underlie heterosis in growth of Saccharomyces cerevisiae at high temperature}},
volume = {7},
year = {2016}
}

@article{Hallahan2018,
author = {Hallahan, Brendan F. and Fernandez-Tendero, Eva and Fort, Antoine and Ryder, Peter and Dupouy, Gilles and Deletre, Marc and Curley, Edna and Brychkova, Galina and Schulz, Britta and Spillane, Charles},
doi = {10.1186/s12870-018-1338-x},
issn = {14712229},
journal = {BMC Plant Biology},
keywords = {F1 hybrid,Genome dosage,Heterosis,Hybrid vigor,Hybridity,Polyploidy,Triploid},number = {1},
pages = {1--16},
pmid = {29907096},
publisher = {BMC Plant Biology},
title = {{Hybridity has a greater effect than paternal genome dosage on heterosis in sugar beet (Beta vulgaris)}},
volume = {18},
year = {2018}
}

@article{Larson1944,
author = {Larson, Russell E. and Currence, T. M.},
journal = {University of Minnesota Technical Bulletein},number = {June},
title = {{The Extent of Hybrid Vigor in Fi and F2 Generations of Tomato Crosses}},
year = {1944}
}

@article{Collins1921,
author = {Collins, G. N.},
doi = {10.1086/279800},
issn = {0003-0147},
journal = {The American Naturalist},
number = {637},
pages = {116--133},
title = {{Dominance and the Vigor of First Generation Hybrids}},
volume = {55},
year = {1921}
}

@article{Wang2015,
author = {Wang, Li and Greaves, Ian K. and Groszmann, Michael and Wu, Li Min and Dennis, Elizabeth S. and Peacock, W. James},
doi = {10.1073/pnas.1514190112},
issn = {10916490},
journal = {Proceedings of the National Academy of Sciences of the United States of America},
keywords = {Epigenetics,Heterosis,TCM,Transcriptome,Transregulation},
number = {35},
pages = {E4959--E4967},
pmid = {26283378},
title = {{Hybrid mimics and hybrid vigor in Arabidopsis}},
volume = {112},
year = {2015}
}

@article{Buzby2025,
author = {Buzby, Cassandra and Plavskin, Yevgeniy and Sartori, Federica M.O. and Tong, Qiange and Vail, Janessa K. and Siegal, Mark L.},
doi = {10.1093/genetics/iyaf026},
issn = {19432631},
journal = {Genetics},
keywords = {Saccharomyces cerevisiae,copper sulfate,epistasis,quantitative trait loci,resistance,yeast genetics},
number = {4},
pages = {1--11},
pmid = {39989051},
publisher = {Oxford University Press},
title = {{Epistasis and cryptic QTL identified using modified bulk segregant analysis of copper resistance in budding yeast}},
url = {https://doi.org/10.1093/genetics/iyaf026},
volume = {229},
year = {2025}
}

@article{Hutt1952,
author = {Hutt, F. B.},
doi = {10.1079/WPS19520042},
issn = {17434777},
journal = {World's Poultry Science Journal},
number = {4},
pages = {251--257},
title = {{Hybrid vigor in animal production}},
volume = {8},
year = {1952}
}

@article{Tan2022,
author = {Tan, Jiafu and Wu, Limin and Peacock, Jim and Dennis, Elizabeth S.},
doi = {10.1002/csc2.20777},
issn = {14350653},
journal = {Crop Science},
number = {5},
pages = {1787--1796},
title = {{Capturing hybrid vigor for lentil breeding}},
volume = {62},
year = {2022}
}

@article{Gibson2017,
author = {Gibson, B. and Geertman, J. M.A. and Hittinger, C. T. and Krogerus, K. and Libkind, D. and Louis, E. J. and Magalh{\~{a}}es, F. and Sampaio, J. P.},
doi = {10.1093/femsyr/fox038},
issn = {15671364},
journal = {FEMS Yeast Research},
keywords = {Beer,Flavour,Yeast},
number = {4},
pages = {1--13},
pmid = {28582493},
title = {{New yeasts-new brews: Modern approaches to brewing yeast design and development}},
volume = {17},
year = {2017}
}
